<?xml version="1.0" encoding="UTF-8"?>
<Document xmlns="urn:iso:std:iso:20022:tech:xsd:pain.008.003.02" xmlns:xsi="http://www.w3.org/2001/XMLSchema-instance" xsi:schemaLocation="urn:iso:std:iso:20022:tech:xsd:pain.008.003.02 pain.008.003.02.xsd">
  <CstmrDrctDbtInitn>
    <GrpHdr>
      <MsgId>SampleUniqueMsgId</MsgId>
      <CreDtTm>2019-11-24T17:01:51Z</CreDtTm>
      <NbOfTxs>1</NbOfTxs>
      <CtrlSum>64.50</CtrlSum>
      <InitgPty>
        <Nm>SampleInitiatingPartyName</Nm>
      </InitgPty>
    </GrpHdr>
    <PmtInf>
      <PmtInfId>sbl-1920</PmtInfId>
      <PmtMtd>DD</PmtMtd>
      <NbOfTxs>1</NbOfTxs>
      <CtrlSum>64.50</CtrlSum>
      <PmtTpInf>
        <SvcLvl>
          <Cd>SEPA</Cd>
        </SvcLvl>
        <LclInstrm>
          <Cd>CORE</Cd>
        </LclInstrm>
        <SeqTp>OOFF</SeqTp>
      </PmtTpInf>
      <ReqdColltnDt>2019-12-01</ReqdColltnDt>
      <Cdtr>
        <Nm>Ursulaschule Osnabrueck</Nm>
      </Cdtr>
      <CdtrAcct>
        <Id>
          <IBAN>DE0310400000173836</IBAN>
        </Id>
      </CdtrAcct>
      <CdtrAgt>
        <FinInstnId>
          <BIC>NOLADEXXX</BIC>
        </FinInstnId>
      </CdtrAgt>
      <ChrgBr>SLEV</ChrgBr>
      <CdtrSchmeId>
        <Id>
          <PrvtId>
            <Othr>
              <Id>DE0310400000173836</Id>
              <SchmeNm>
                <Prtry>SEPA</Prtry>
              </SchmeNm>
            </Othr>
          </PrvtId>
        </Id>
      </CdtrSchmeId>
      <DrctDbtTxInf>
        <PmtId>
          <EndToEndId>sbl-19200</EndToEndId>
        </PmtId>
        <InstdAmt Ccy="EUR">64.50</InstdAmt>
        <DrctDbtTx>
          <MndtRltdInf>
            <MndtId>d</MndtId>
            <DtOfSgntr>2019-11-24</DtOfSgntr>
          </MndtRltdInf>
        </DrctDbtTx>
        <DbtrAgt>
          <FinInstnId>
            <BIC>b</BIC>
          </FinInstnId>
        </DbtrAgt>
        <Dbtr>
          <Nm>c</Nm>
        </Dbtr>
        <DbtrAcct>
          <Id>
            <IBAN>DE93265501051551163056</IBAN>
          </Id>
        </DbtrAcct>
        <RmtInf>
          <Ustrd>Schulbuchleihe 2019/20 Lina Ostmann</Ustrd>
        </RmtInf>
      </DrctDbtTxInf>
    </PmtInf>
  </CstmrDrctDbtInitn>
</Document>
